@Misc{googleCodeCLD2,
  author       = {Google Project Hosting},
  title        = {CLD2 Summary -- Compact Language Detection 2},
  howpublished = {\url{http://code.google.com/p/cld2/}},
  year         = {2013},
}

@Misc{articleOCRopus,
  author       = {Thomas M. Breuel},
  title        = {The OCRopus Open Source OCR System},
  howpublished = {\url{http://www.helsinki.fi/~mpsilfve/ocr_course/materials/2008-breuel-ocropus-open-source.pdf}},
  year         = { },
}